@book{compis,
	author = {Aho, V. A. and Sethi, R. and Ullman, J. D.},
	title = {Compilers: Principles, Techniques, and Tools},
	year = {1986},
	language = {English},
	edition = {1st},
	publisher = {Addison Wesley},
	isbn = {0201100886},
	pagetotal = {796},
}

@book{automata,
	author = {Hopcroft, J. E. and Motwani, R. and Ullman, J. D.},
	title = {Introduction to Automata Theory, Languages, and Computation},
	year = {2001},
	language = {English},
	edition = {2nd},
	publisher = {Addison Wesley},
	isbn = {0-201-44124-1},
	pagetotal = {537},
}

@misc{postfijo,
  title = {The Shunting Yard Algorithm},
  author = {Oser, P.},
  publisher = {The Oxford Math Center},
  howpublished = {\url{http://www.oxfordmathcenter.com/drupal7/node/628}},
  note = {Consultado: 2017-09-2}
}



